<?xml version="1.0" encoding="UTF-8"?>
<collection xmlns:xsi="http://www.w3.org/2001/XMLSchema-instance" xsi:schemaLocation="http://www.loc.gov/MARC21/slim http://www.loc.gov/standards/marcxml/schema/MARC21slim.xsd" xmlns="http://www.loc.gov/MARC21/slim">
<record>
  <leader>00916mam a2200229u  4500</leader>
  <controlfield tag="001">3367902</controlfield>
  <controlfield tag="003">NNC</controlfield>
  <controlfield tag="005">20151117185906.0</controlfield>
  <controlfield tag="008">950118s1899    ua            000 0 ara d</controlfield>
  <datafield tag="035" ind1=" " ind2=" ">
    <subfield code="a">(OCoLC)ocm31928096</subfield>
  </datafield>
  <datafield tag="035" ind1=" " ind2=" ">
    <subfield code="9">AVD2345CU</subfield>
  </datafield>
  <datafield tag="035" ind1=" " ind2=" ">
    <subfield code="a">(NNC)3367902</subfield>
  </datafield>
  <datafield tag="040" ind1=" " ind2=" ">
    <subfield code="a">TEU</subfield>
    <subfield code="c">TEU</subfield>
    <subfield code="d">OCLCQ</subfield>
  </datafield>
  <datafield tag="100" ind1="0" ind2=" ">
    <subfield code="a">Ghazzālī,</subfield>
    <subfield code="d">1058-1111.</subfield>
  </datafield>
  <datafield tag="245" ind1="1" ind2="0">
    <subfield code="a">Kitāb al-wajīz fī fiqh madhhab al-Imām al-Shāfʻi wa-qad taḍammana ayḍan bayān madhhab al-imām Mālik wa-Abī Ḥanīfah wa-al-Mazanī wa al-aqwāl wa-al-awjuh al-baʻīdah li-aṣḥāb al-Imām al-Shāfiʻī bi-al-ramz ilá kull minhā bi-Iṣlāḥ makhṣūṣ.</subfield>
  </datafield>
  <datafield tag="260" ind1=" " ind2=" ">
    <subfield code="a">Miṣr :</subfield>
    <subfield code="b">Sharikat Ṭabʻ al-Kutub al-ʻArabīyah,</subfield>
    <subfield code="c">1317 [1899].</subfield>
  </datafield>
  <datafield tag="300" ind1=" " ind2=" ">
    <subfield code="a">2 v. in 1.</subfield>
    <subfield code="c">25 cm.</subfield>
  </datafield>
  <datafield tag="500" ind1=" " ind2=" ">
    <subfield code="a">In Arabic.</subfield>
  </datafield>
  <datafield tag="650" ind1=" " ind2="0">
    <subfield code="a">Islamic law.</subfield>
  </datafield>
  <datafield tag="650" ind1=" " ind2="0">
    <subfield code="a">Shafiites.</subfield>
  </datafield>
  <datafield tag="740" ind1="0" ind2="2">
    <subfield code="a">Wajīz fī fiqh madhhab al-Imām al-Shāfʻi.</subfield>
  </datafield>
  <datafield tag="955" ind1=" " ind2=" ">
    <subfield code="b">0026817055</subfield>
    <subfield code="d">glx</subfield>
    <subfield code="e">893.799 G34</subfield>
    <subfield code="v">v.1-2</subfield>
  </datafield>
</record>
</collection>